@article{zorlu2005effect,
  title={The effect of immigration on wages in three European countries},
  author={Zorlu, Aslan and Hartog, Joop},
  journal={Journal of population economics},
  volume={18},
  number={1},
  pages={113--151},
  year={2005},
}